% This file was created with JabRef 2.10b2.
% Encoding: UTF-8


@Electronic{eucalyptus-cloud-platform,
  Title                    = {Eucalyptus Cloud Platform},
  Author                   = {Eucalyptus},
  Url                      = {https://www.eucalyptus.com/eucalyptus-cloud/iaas},

  Owner                    = {costa},
  Timestamp                = {2014.10.03}
}

